@INPROCEEDINGS{Bertin-Mahieux2011,
  author = {Thierry Bertin-Mahieux and Daniel P.W. Ellis and Brian Whitman and Paul Lamere},
  title = {The Million Song Dataset},
  booktitle = {{Proceedings of the 12th International Conference on Music Information
	Retrieval ({ISMIR} 2011)}},
  year = {2011},
  owner = {thierry},
  timestamp = {2010.03.07}
}

@inproceedings{mcfee2011_nlp,
    author  = {McFee,, B. and Lanckriet,, {G. R. G.}},
    year    = {2011},
    title   = {The natural language of playlists},
    booktitle = {12th International Symposium for Music Information Retrieval
    (ISMIR2011))},
    month   = {October}
}

@inproceedings{mcfee2011_sim,
    author  = {McFee,, B. and Lanckriet,, {G. R. G.}},
    year    = {2011},
    title   = {Large-scale music similarity search with spatial trees},
    booktitle = {12th International Symposium for Music Information Retrieval
    (ISMIR2011))},
    month   = {October}
}

@INPROCEEDINGS{Bertin-Mahieux2011b,
  author = {T. Bertin-Mahieux and D.P.W. Ellis},
  title = {Large-scale cover song recognition using hashed chroma landmarks},
  booktitle = {Proceedings of IEEE WASPAA},
  year = {2011},
  address = {New Platz, NY},
  organization = {IEEE Workshop on Applications of Signal Processing to Audio and Acoustics (WASPAA)}
}






@MISC{Slaney_learninga,
    author = {Malcolm Slaney and Kilian Weinberger and William White},
    title = {LEARNING A METRIC FOR MUSIC SIMILARITY},
    year = {}
}